@MISC{NYTATMD61,
        AUTHOR = "The New York Times",
        YEAR = 1961,
        MONTH = "12th April",
        TITLE = "Machine Accepts Cash Deposits",
}


@MISC{website:pcistandards,
        AUTHOR = "Payment Card Industry",
        TITLE = "Data Security Standard",
        MONTH = "April",
        YEAR = 2010,
        HOWPUBLISHED = "\url{https://www.pcisecuritystandards.org/security_standards/pci_dss.shtml}"
}

@MISC{website:fijitsuentersmarket,
        AUTHOR = "Frost and Sullivan",
        TITLE = "Fujitsu checks into the Self-Checkout Industry",
        MONTH = "May",
        YEAR = 2004,
        HOWPUBLISHED = "\url{http://www.frost.com/prod/servlet/market-insight-top.pag?docid=18877948}"
}


@MISC{website:unifiedpos,
        AUTHOR = "UnifiedPOS Committee",
        TITLE = "Unified Point of Service Version 1.13",
        MONTH = "July",
        YEAR = 2009,
        HOWPUBLISHED = "\url{http://www.nrf-arts.org/UnifiedPOS/default.htm}"
}

@MISC{website:sqliteusers,
        AUTHOR = "SQLite",
        TITLE = "Well-Known Users of SQLite",
        MONTH = "April",
        YEAR = 2010,
        HOWPUBLISHED = "\url{http://www.sqlite.org/famous.html}"
}

@MISC{website:sqlitecoverage,
        AUTHOR = "SQLite",
        TITLE = "7.0 Test Coverage",
        MONTH = "July",
        YEAR = 2009,
        HOWPUBLISHED = "\url{http://http://www.sqlite.org/testing.html#coverage}"
}

@MISC{website:argouml,
        AUTHOR = "-",
        TITLE = "ArgoUML v0.30",
        HOWPUBLISHED = "\url{http://argouml.tigris.org/}"
}

@MISC{website:gofpatterns,
        AUTHOR = "Pekka Nikander",
        TITLE = "Gang of Four Design Patterns",
        HOWPUBLISHED = "\url{www.tml.tkk.fi/~pnr/GoF-models/html/}"
}

@MISC{designpatterns,
        AUTHOR = "Erich Gamma Richard Helm Ralph Johnson John M. Vlissides",
        YEAR = 1994,
        MONTH = "November",
        TITLE = "Design Patterns: Elements of Reusable Object-Oriented Software",
}

@MISC{waterfallcost,
        AUTHOR = "McConnell",
        YEAR = 1996,
        TITLE = "Rapid Development: Taming Wild Software Schedules",
}

@MISC{roycewaterfall,
        AUTHOR = "Winston W. Royce",
        YEAR = 1987,
        TITLE = "Managing the Development of Large Software Systems",
        HOWPUBLISHED = "\url{http://leadinganswers.typepad.com/leading_answers/files/original_waterfall_paper_winston_royce.pdf}"
}

@MISC{roycedescribewaterfall,
        AUTHOR = "Winston W. Royce",
        YEAR = 1970,
        TITLE = "Managing the Development of Large Software Systems",
}


%new references
@MISC{website:junit,
        AUTHOR = "-",
        TITLE = "JUnit testing framework",
        HOWPUBLISHED = "\url{http://www.junit.org/}"
}

@MISC{REST,
        AUTHOR = "Roy Fielding",
        YEAR = 2000,
        TITLE = "Architectural Styles and the Design of Network-based Software Architectures",
        HOWPUBLISHED = "\url{http://www.ics.uci.edu/~fielding/pubs/dissertation/top.htm}"
}

@MISC{website:tomcat,
        AUTHOR = "Apache",
        TITLE = "Tomcat",
        HOWPUBLISHED = "\url{http://tomcat.apache.org/}"
}

@MISC{website:jboss,
        AUTHOR = "Redhat",
        TITLE = "JBoss",
        HOWPUBLISHED = "\url{http://www.jboss.com/}"
}

@MISC{website:persevere,
        AUTHOR = "-",
        TITLE = "Persecere",
        HOWPUBLISHED = "\url{http://www.persvr.org/Page/Persevere}"
}

@MISC{website:compojure-rest,
        AUTHOR = "-",
        TITLE = "compojure-rest",
        HOWPUBLISHED = "\url{http://github.com/ordnungswidrig/compojure-rest}"
}

@MISC{website:jax-rs_jcp,
        AUTHOR = "Java Community Process",
        TITLE = "JSR 311: JAX-RS: The JavaTM API for RESTful Web Services",
        HOWPUBLISHED = "\url{http://jcp.org/en/jsr/detail?id=311}"
}

@MISC{website:restClient,
        AUTHOR = "Chao ZHOU",
        TITLE = "RESTClient",
        HOWPUBLISHED = "\url{https://addons.mozilla.org/en-US/firefox/addon/9780/}"
}

@MISC{website:dojo,
        AUTHOR = "-",
        TITLE = "Dojo toolkit",
        HOWPUBLISHED = "\url{http://www.dojotoolkit.org/}"
}

@MISC{website:GOF_wika,
       AUTHOR = "Erich Gamma, Richard Helm, Ralph Johnson and John Vlissides",
       TITLE = "Gang of Four wika",
       HOWPUBLISHED = "\url{http://c2.com/cgi/wiki?GangOfFour}"
}

